<?xml version="1.0" encoding="UTF-8"?><collection xmlns="http://www.loc.gov/MARC21/slim"><record><leader>00331nam--2200121-i-4500</leader><controlfield tag="001">000045989</controlfield><controlfield tag="002">20161230</controlfield><controlfield tag="005">20161230201045</controlfield><controlfield tag="008">060222s1000------------r-----000-0-eng-d</controlfield><datafield ind1=" " ind2=" " tag="080"><subfield code="a">061.62(492):001.891(047.1)</subfield></datafield><datafield ind1=" " ind2=" " tag="245"><subfield code="a">R.j.van de graaff laboratory. annual report 1979</subfield></datafield><datafield ind1=" " ind2=" " tag="260"><subfield code="a">Utrecht, Univ.Of Utrecht, 1980, 53p</subfield></datafield><datafield ind1=" " ind2=" " tag="852"><subfield code="a">49472</subfield></datafield></record></collection>